%%%%%%%%%%%%%%%%%%%%%%%%%%%%%%%%%%%%%%%%%%%%%%%%%%%%%%%%%%%%%%%%%%%%%%\

% pokud nechcem aby nam to zmensovalo pismenka v nazvech titulu, 
% tak to obklopit chlupatejma zavorkama



@misc{ bib:fabrik,
  title = 	   {FABRIK: A fast, iterative solver for the Inverse Kinematics problem},
  author = 	   {Andreas Aristidou; Joan Lasenby},
  year = 	       {2011},
  howpublished = {online},
  note = 	 {[cit.~2023--05--13] \url{http://www.andreasaristidou.com/publications/papers/FABRIK.pdf}}
}

@misc{ bib:fabrik-r,
  title = 	   {FABRIK-R: An extension developed based on FABRIK for robotics manipulators},
  author = 	   {Matheus C. Santos; Lucas Molina; Elyson A. N. Carvalho; Eduardo O. Freire; Jos√© G. N. Carvalho; Phillipe C. Santos},
  year = 	       {2021},
  howpublished = {IEEE Access},
  note = 	 {[cit.~2023--05--13] \url{https://doi.org/10.1109/ACCESS.2021.3070693}}
}

@misc{ bib:unity,
  title = 	   {Unity 2022.2},
  author = 	   {Unity Technologies},
  year = 	       {2023},
  howpublished = {online},
  note = 	 {[cit.~2023--05--13] \url{https://docs.unity3d.com/2022.2/Documentation/Manual/index.html}}
}

@misc{ bib:fabrik-obstacle-avoidance,
  title = 	   {Extending FABRIK with Obstacle Avoidance for Solving the Inverse Kinematics Problem},
  author = 	   {Songqiao Tao; Huajin Tao; Yumeng Yang},
  year = 	       {2022},
  howpublished = {Journal of Robotics},
  note = 	 {[cit.~2023--05--13] \url{https://doi.org/10.1155/2021/5568702}}
}

@misc{ bib:fabrik-effector-orientation,
  title = 	   {A modified forward and backward reaching inverse kinematics based incremental control for space manipulators},
  author = 	   {Gangqi Dong; Panfeng Huang; Yongjie Wang; Rongsheng Li},
  year = 	       {2022},
  howpublished = {Chinese Journal of Aeronautics},
  note = 	 {[cit.~2023--05--13] \url{https://doi.org/10.1016/j.cja.2021.08.014}}
}